@book{
	tu_2011,
	place={New York},
	title={An Introduction to Manifolds},
	publisher={Springer-Verlag New York},
	author={Tu, Loring W.},
	year={2011},
	collection={Universitext},
	edition={2nd}
}
@book{
	thurston_levy_1997, 
	place={Princeton, NJ}, 
	title={Three-dimensional geometry and topology}, 
	publisher={Princeton University Press}, 
	author={Thurston, William P. and Levy, Silvio}, 
	year={1997}
}